@inproceedings{Byrd:2012:MLU:2661103.2661105,
 author = {Byrd, William E. and Holk, Eric and Friedman, Daniel P.},
 title = {{miniKanren}, Live and Untagged: {Quine} Generation via Relational Interpreters (Programming Pearl)},
 booktitle = {Proceedings of the 2012 Annual Workshop on Scheme and Functional Programming},
 series = {Scheme '12},
 year = {2012},
 OPTisbn = {978-1-4503-1895-2},
 location = {Copenhagen, Denmark},
 pages = {8--29},
 numpages = {22},
 OPTurl = {http://doi.acm.org/10.1145/2661103.2661105},
 doi = {10.1145/2661103.2661105},
 acmid = {2661105},
 publisher = {ACM},
 address = {New York, NY, USA},
 keywords = {interpreters, logic programming, miniKanren, quines, relational programming, scheme, tagging},
}